<?xml version="1.0" encoding="UTF-8"?><collection xmlns="http://www.loc.gov/MARC21/slim"><record><leader>00457nam--2200133-i-4500</leader><controlfield tag="001">000027701</controlfield><controlfield tag="002">20161230</controlfield><controlfield tag="005">20161230201036</controlfield><controlfield tag="008">060222s1000------------r-----000-0-eng-d</controlfield><datafield ind1=" " ind2=" " tag="080"><subfield code="a">620.182:666.3(043)</subfield></datafield><datafield ind1=" " ind2=" " tag="100"><subfield code="a">Kirn, Martin</subfield></datafield><datafield ind1=" " ind2=" " tag="245"><subfield code="a">Untersuchungen und charakterisierung des gefuges sonderkeramischer werkstoffe mit hilfe der hochauflosenden elektronenmikroskopie. dissertation</subfield></datafield><datafield ind1=" " ind2=" " tag="260"><subfield code="a">Stuttgart, Universitat, 1979. 71p.+dif.+34fig</subfield></datafield><datafield ind1=" " ind2=" " tag="852"><subfield code="a">48355</subfield></datafield></record></collection>